@phdthesis{Ho76,
    title={Th{\'e}ories d{\'e}cidables par automate fini},
    author={Hodgson, Bernard Ralph},
    year={1976},
    school={D\'epartement de math\'ematiques et de statistique, Universit{\'e} de Montr{\'e}al}
}
@article{Ho83,
    title={D{\'e}cidabilit{\'e} par automate fini},
    volume={7},
    number={1},
    journal={Annales des sciences mathématiques du Qu{\'e}bec},
    author={Hodgson, Bernard Ralph},
    year={1983},
    pages={39–57}
}
@inproceedings{KN,
    author    = {Bakhadyr Khoussainov and
                 Anil Nerode},
    title     = {Automatic Presentations of Structures},
    booktitle = {Logical and Computational Complexity. Selected Papers. Logic and Computational
                 Complexity, International Workshop {LCC} '94, Indianapolis, Indiana,
                 USA, 13-16 October 1994},
    pages     = {367--392},
    year      = {1994},
    crossref  = {DBLP:conf/lcc/1994},
    %  url       = {https://doi.org/10.1007/3-540-60178-3_93},
    doi       = {10.1007/3-540-60178-3_93},
    timestamp = {Sat, 20 May 2017 15:32:54 +0200},
    biburl    = {https://dblp.org/rec/bib/conf/lcc/KhoussainovN94},
    bibsource = {dblp computer science bibliography, https://dblp.org}
}
@proceedings{DBLP:conf/lcc/1994,
    editor    = {Daniel Leivant},
    title     = {Logical and Computational Complexity. Selected Papers. Logic and Computational
                 Complexity, International Workshop {LCC} '94, Indianapolis, Indiana,
                 USA, 13-16 October 1994},
    series    = {Lecture Notes in Computer Science},
    volume    = {960},
    publisher = {Springer},
    year      = {1995},
    %  url       = {https://doi.org/10.1007/3-540-60178-3},
    doi       = {10.1007/3-540-60178-3},
    isbn      = {3-540-60178-3},
    timestamp = {Sat, 20 May 2017 15:32:54 +0200},
    biburl    = {https://dblp.org/rec/bib/conf/lcc/1994},
    bibsource = {dblp computer science bibliography, https://dblp.org}
}
@book{Epstein,
    author = {Epstein, David B. A. and
              Cannon, J. W. and
              Holt, D. F. and
              Levy, S. V. and
              Paterson, M. S. and
              Thurston, W. P.},
    title = {Word Processing in Groups},
    year = {1992},
    isbn = {0867202440},
    publisher = {A. K. Peters, Ltd.},
    address = {Natick, MA, USA},
}
@article{semiauto,
    title={Semiautomatic structures},
    author={Jain, Sanjay and Khoussainov, Bakhadyr and Stephan, Frank and Teng, Dan and Zou, Siyuan},
    journal={Theory of Computing Systems},
    volume={61},
    number={4},
    pages={1254--1287},
    year={2017},
    publisher={Springer}
}
@article{fullautomatatheory,
    title={Methods and theory of automata and languages},
    author={Stephan, Frank},
    journal={Lecture Notes, School of Computing, National University of Singapore},
    year={2018}
}
@article{finitelysanjay,
    title={Finitely generated semiautomatic groups},
    author={Jain, Sanjay and Khoussainov, Bakhadyr and Stephan, Frank},
    journal={Computability},
    doi={10.3233/COM-180089},
    volume={7},
    issue={2--3},
    pages={273--287},
    year={2018},
    publisher={IOS Press}
}
@article{KKM,
    author = {Kharlampovich, Olga and Khoussainov, Bakhadyr and Miasnikov, Alexei},
    year = {2011},
    month = {07},
    pages = {},
    title = {From automatic structures to automatic groups},
    volume = {8},
    issue = {1},
    journal = {Groups, Geometry, and Dynamics},
    doi = {10.4171/GGD/221}
}
@InProceedings{MS,
    author="Miasnikov, Alexei
    and {\v{S}}uni{\'{c}}, Zoran",
    editor="Dediu, Adrian-Horia
    and Mart{\'i}n-Vide, Carlos",
    title="Cayley Graph Automatic Groups Are Not Necessarily Cayley Graph Biautomatic",
    booktitle="Language and Automata Theory and Applications",
    year="2012",
    publisher="Springer Berlin Heidelberg",
    address="Berlin, Heidelberg",
    pages="401--407",
    abstract="We show that there are Cayley graph automatic groups that are not Cayley graph biautomatic. In addition, we show that there are Cayley graph automatic groups with undecidable Conjugacy Problem and that the Isomorphism Problem is undecidable in the class of Cayley graph automatic groups.",
    isbn="978-3-642-28332-1"
}
@article{delhomme,
    author={Delhommé,Christian},
    year={2004},
    title={Automaticité des ordinaux et des graphes homogènes},
    journal={Comptes rendus - Mathématique},
    volume={339},
    number={1},
    pages={5-10},
}
@article{tsankov,
    author = {Tsankov, Todor},
    year = {2009},
    month = {05},
    pages = {},
    title = {The additive group of the rationals does not have an automatic presentation},
    volume = {76},
    journal = {The Journal of Symbolic Logic},
    doi = {10.2178/jsl/1318338853}
}
@INPROCEEDINGS{BG00,
    author={A. {Blumensath} and E. {Gradel}},
    booktitle={Proceedings Fifteenth Annual IEEE Symposium on Logic in Computer Science (Cat. No.99CB36332)},
    title={Automatic structures},
    year={2000},
    volume={},
    number={},
    pages={51-62},
    keywords={computational complexity;formal logic;automata theory;group theory;definability;complexity;automatic structures;infinite structures;automata theory;first-order queries;algorithmic methods;logical methods;finite structures;automatic groups;model checking;query evaluation;first-order logic;closure properties;model theory;composition theory;Databases;Automata;Cost accounting;Automatic logic units;Knowledge representation;Application software;State-space methods},
    doi={10.1109/LICS.2000.855755},
    ISSN={},
    month={June},
}
@book{Hopcroft,
    author = {Hopcroft, John E. and Motwani, Rajeev and Ullman, Jeffrey D.},
    title = {Introduction to Automata Theory, Languages, and Computation (3rd Edition)},
    year = {2006},
    isbn = {0321455363},
    publisher = {Addison-Wesley Longman Publishing Co., Inc.},
    address = {Boston, MA, USA},
} 
@Book{algebre,
    author = {Bourbaki, Nicolas},
    title = {Algèbre},
    publisher = {Springer},
    year = {2007},
    address = {Berlin New York},
    isbn = {978-3-540-33849-9}
}
@book{kunen,
    title = {Set Theory: An Introduction to Independence Proofs},
    publisher = {North-Holland},
    author = {Kenneth Kunen},
    year = {1980}
}
@incollection{Case2012,
    doi = {10.1007/978-3-642-30870-3_11},
    url = {https://doi.org/10.1007/978-3-642-30870-3_11},
    year = {2012},
    publisher = {Springer Berlin Heidelberg},
    pages = {96--106},
    author = {John Case and Sanjay Jain and Samuel Seah and Frank Stephan},
    title = {Automatic Functions,  Linear Time and Learning},
    booktitle = {Lecture Notes in Computer Science}
}
@article{lagrange,
    editor = {Serret, Joseph Alfred},
    journal     = { Oeuvres de Lagrange },
    author = {Lagrange, Joseph-Louis},
    title = {Solution d'un probl\'eme d'Arithm\'tique},
    year = {1867},
    volume = {1},
    pages={671-731},
}
